01REMESSA01COBRANCA       308300370332        Laudo Laboratório             341BANCO ITAU SA  300117                                                                                                                                                                                                                                                                                                      000001
10223259427000104308300370332    00001234567                  012345670000000000000157                     I011234567   09021700000000000013410000008N3001172 0 00000000000303001170000000000000000000000000000000000000000100005217071613HERMES PEDRO BORGES                     AV. SUICA 771                           TIBERY      38405024UBERLANDIA     MGLAUDO LABORATORIO                 10011710 000002
9                                                                                                                                                                                                                                                                                                                                                                                                         000003

