02RETORNO01COBRANCA       308300370332        LAUDO LAB AVIC UBERL LTDA     341BANCO ITAU S.A.01021701600BPI01434010217                                                                                                                                                                                                                                                                                   000001
10223259427000104308300370332                                 54166018            157541660183             I020102173041      54166018            280217000000025326034130833  000000000000000000000000000000000000000000000000000000000000000000000000000000000000000000000000000000000000000000000         00000000000000000000000COMPANHIA ALIMENTOS NE -CIALNE                                        000002
10223259427000104308300370332                                 54167300            157541673004             I020102173040A     54167300            010317000000036412834146847  000000000000000000000000000000000000000000000000000000000000000000000000000000000000000000000000000000000000000000000         00000000000000000000000BONASA ALIMENTOS S/A                                                  000003
10223259427000104308300370332                                 54167301            157541673012             I020102173040B     54167301            080317000000036412834146847  000000000000000000000000000000000000000000000000000000000000000000000000000000000000000000000000000000000000000000000         00000000000000000000000BONASA ALIMENTOS S/A                                                  000004
10223259427000104308300370332                                 54167302            157541673020             I020102173040C     54167302            150317000000036413034146847  000000000000000000000000000000000000000000000000000000000000000000000000000000000000000000000000000000000000000000000         00000000000000000000000BONASA ALIMENTOS S/A                                                  000005
10223259427000104308300370332                                 33810231            157338102316             I060102172752 D    33810231            010217000000017083503337168  000000000020000000000000000000000000000000000000000000000000000000000000000000000000017063500000000000000000000000000   01021700000000000000000000000AVIPA AVICULTURA INTEGRAL PAT.                                      B3000006
10223259427000104308300370332                                 48443990            157484439900             I0601021710587     48443990            010217000000006256142200125  000000000020000000000000000000000000000000000000000000000000000000000000000000000000006236100000000000000000000000000   01021700000000000000000000000FRIGORIFICO AVICOLA VOT. LTDA                                       B7000007
10223259427000104308300370332                                 48995208            157489952089             I060102172954A     48995208            010217000000016731803337168  000000000020000000000000000000000000000000000000000000000000000000000000000000000000016711800000000000000000000000000   01021700000000000000000000000AVIPA AVICULTURA INTEGRAL PAT.                                      B3000008
10223259427000104308300370332                                 50073622            157500736222             I0601021710621     50073622            010217000000002109700103665  000000000020000000000000000000000000000000000000000000000000000000000000000000000000002089700000000000000000000000000   01021700000000000000000000000EDMILSON ANTONIO DA CUNHA                                           B2000009
9201341          000000000000000000000000000000          000000000000000000000000000000                                                  000000000000000000000000000000          0000020800000068053827  01/02S014340000000800000001767457                                                                                                                                                                000010
