01REMESSA01COBRANCA       308300370332        Laudo Laboratório             341BANCO ITAU SA  050917                                                                                                                                                                                                                                                                                                      000001
10223259427000104308300370332    0000000000                   000000000000000000000104                     I0167405     15091700000000000013410000008N010917000000000000000030509170000000000000000000000000000000000000000100005217071613HERMES PEDRO BORGES                     AV. SUICA 771                           TIBERY      38405024UBERLANDIA     MGLAUDO LABORATORIO                 15101710 000002
10223259427000104308300370332    0000000000                   000000000000000000000112                     I0167406     15091700000000000013410000008N050917000000000000000031509170000000000000000000000000000000000000000100005217071613HERMES PEDRO BORGES                     AV. SUICA 771                           TIBERY      38405024UBERLANDIA     MGLAUDO LABORATORIO                 15101710 000003
10223259427000104308300370332    0000000000                   000000000000000000000109                     I0167407     15091700000000000013410000008N050917182900000000000031509170000000000000000000000000000000000000000100005217071613HERMES PEDRO BORGES                     AV. SUICA 771                           TIBERY      38405024UBERLANDIA     MGLAUDO LABORATORIO                 15091710 000004
9                                                                                                                                                                                                                                                                                                                                                                                                         000005
